
@techreport{brundtland1987our,
  title = {Report of the {{World Commission}} on {{Environment}} and {{Development}}: {{Our Common Future}}},
  institution = {{World Commission on Environment and Development (WCED)}},
  author = {Brundtland, Gro Harlem and Khalid, Mansour and Agnelli, Susanna and {Al-Athel}, Sali and Chidzero, Bernard and Padika, Lamine Mohamed and Hauff, Volker and Lang, Istvan and Shijun, Ma and {de Botero}, Margarita Marino and Casanova, Pablo Gonzalez and Singh, Nagendra and {Nogueira-Neto}, Paulo and Okita, Saburo and Ramphal, Shridath and Sahnoun, Mohammed and Salim, Emil and Shaib, Bukar and Solokov, Vladimir and Stanovik, Janez and Strong, Maurice and MacNeill, Jim},
  year = {1987},
  publisher = {{Oxford University Press, USA}}
}

@article{dodsonElementalSustainabilityTotal2012,
  series = {Delft Skyline Debate},
  title = {Elemental Sustainability: {{Towards}} the Total Recovery of Scarce Metals},
  volume = {51},
  issn = {0255-2701},
  shorttitle = {Elemental Sustainability},
  doi = {10.1016/j.cep.2011.09.008},
  abstract = {Some modern so-called low carbon technologies are actually broadening concerns over future elemental sustainability for a wide range of elements. In order to address the rapid dispersion of metals, such as indium and silver, we need to be more innovative in recovery technologies that essentially turn a waste into a resource. A multi-disciplinary blend of chemistry, extractive metallurgy, engineering and biotechnology is required to realise this ambition.},
  journal = {Chemical Engineering and Processing: Process Intensification},
  author = {Dodson, J. R. and Hunt, A. J. and Parker, H. L. and Yang, Y. and Clark, J. H.},
  month = jan,
  year = {2012},
  keywords = {Bioleaching,Biosorption,Green chemistry,Metal recovery,Sustainability},
  pages = {69-78},
  file = {C:\\Users\\jb2971\\Documents\\L_Travail\\Biblio\\Zotero\\storage\\VWVBGQFJ\\Dodson et al. - 2012 - Elemental sustainability Towards the total recove.pdf;C:\\Users\\jb2971\\Documents\\L_Travail\\Biblio\\Zotero\\storage\\UNWWGWN9\\S0255270111002030.html}
}

@article{williamsKilogramMicrochipEnergy2002,
  title = {The 1.7 {{Kilogram Microchip}}:\, {{Energy}} and {{Material Use}} in the {{Production}} of {{Semiconductor Devices}}},
  volume = {36},
  issn = {0013-936X},
  shorttitle = {The 1.7 {{Kilogram Microchip}}},
  doi = {10.1021/es025643o},
  abstract = {The scale of environmental impacts associated with the manufacture of microchips is characterized through analysis of material and energy inputs into processes in the production chain. The total weight of secondary fossil fuel and chemical inputs to produce and use a single 2-gram 32MB DRAM chip are estimated at 1600 g and 72 g, respectively. Use of water and elemental gases (mainly N2) in the fabrication stage are 32\,000 and 700 g per chip, respectively. The production chain yielding silicon wafers from quartz uses 160 times the energy required for typical silicon, indicating that purification to semiconductor grade materials is energy intensive. Due to its extremely low-entropy, organized structure, the materials intensity of a microchip is orders of magnitude higher than that of ``traditional'' goods. Future analysis of semiconductor and other low entropy high-tech goods needs to include the use of secondary materials, especially for purification.},
  number = {24},
  journal = {Environmental Science \& Technology},
  author = {Williams, Eric D. and Ayres, Robert U. and Heller, Miriam},
  month = dec,
  year = {2002},
  pages = {5504-5510},
  file = {C:\\Users\\jb2971\\Documents\\L_Travail\\Biblio\\Zotero\\storage\\2ELWAJ9Q\\Williams et al. - 2002 - The 1.7 Kilogram Microchip  Energy and Material U.pdf;C:\\Users\\jb2971\\Documents\\L_Travail\\Biblio\\Zotero\\storage\\CGH9V2X9\\es025643o.html}
}

@book{erkmanVersEcologieIndustrielle2004,
  title = {{Vers une {\'e}cologie industrielle}},
  isbn = {978-2-84377-088-3},
  abstract = {La soci{\'e}t{\'e} post-industrielle ? Quelle illusion ! Nous vivons en r{\'e}alit{\'e} dans un syst{\`e}me " hyper-industriel " o{\`u} les flux de mati{\`e}re et d'{\'e}nergie continuent {\`a} augmenter de plus belle. Les traditionnelles remises en cause du syst{\`e}me industriel, domin{\'e}es par les questions de pollution et d'{\'e}puisement des ressources, ne suffisent plus. Une approche nouvelle, plus large, est en train d'{\'e}merger depuis quelques ann{\'e}es : l'{\'e}cologie industrielle. Au lieu de voir le syst{\`e}me industriel comme s{\'e}par{\'e} de la Biosph{\`e}re, il est possible de le consid{\'e}rer comme un cas particulier d'{\'e}cosyst{\`e}me. L'{\'e}cologie industrielle s'int{\'e}resse {\`a} l'{\'e}volution {\`a} long terme du syst{\`e}me industriel dans son ensemble, et pas seulement aux probl{\`e}mes d'environnement. Cet ouvrage offre la premi{\`e}re synth{\`e}se en fran{\c c}ais sur ce domaine en plein essor, au carrefour des sciences de l'ing{\'e}nieur, de la biologie, de la g{\'e}ographie, de l'{\'e}conomie et de nombreuses autres disciplines.},
  language = {fr},
  publisher = {{ECLM}},
  author = {Erkman, Suren},
  year = {2004}
}

@phdthesis{janinDemarcheEcoconceptionEntreprise2000,
  title = {{D{\'e}marche d'{\'e}co-conception en entreprise. Un enjeu : construire la coh{\'e}rence entre outils et processus}},
  shorttitle = {{D{\'e}marche d'{\'e}co-conception en entreprise. Un enjeu}},
  abstract = {L'{\'e}co-conception est, depuis peu, une nouvelle probl{\'e}matique, que l'entreprise pourrait bien prendre en compte pour en tirer, {\`a} terme, un avantage concurrentiel. C'est concevoir des produits en ayant consid{\'e}r{\'e}, d{\`e}s leur phase de conception, tous les impacts environnementaux qu'ils pourront engendrer sur l'ensemble de leur cycle de vie. Les {\'e}quipes projet ont besoin de s'organiser pour s'approprier le param{\`e}tre environnement n{\'e}cessitant de nouvelles connaissances li{\'e}es {\`a} de nombreuses incertitudes. $<$br /$>$L'objectif principal de ces travaux {\'e}tait donc d'aider {\`a} construire la coh{\'e}rence entre un processus de$<$br /$>$conception et des outils {\`a} disposition des {\'e}quipes. Il s'est agi de : comprendre les diverses acceptions$<$br /$>$possibles de cette nouvelle forme de conception, identifier les principaux enjeux qu'elle repr{\'e}sente pour une entreprise, observer les modes d'organisation au sein de soci{\'e}t{\'e}s pionni{\`e}res dans ce domaine et$<$br /$>$rechercher les outils disponibles. Apr{\`e}s proposition d'un mod{\`e}le de processus d'{\'e}co-conception o{\`u} il importe d'ins{\'e}rer les questions d'environnement dans une d{\'e}marche de conception "classique", nous nous sommes attel{\'e}s {\`a} la classification, la description et la critique de divers outils du panel actuellement {\`a} disposition des {\'e}quipes. Nous avons ainsi identifi{\'e} deux grandes cat{\'e}gories : certains, dits d'{\'e}valuation environnementale(qualitative ou quantitative), et d'autres, dits d'am{\'e}lioration, permettant aux {\'e}quipes d'avancer dans la recherche de nouvelles solutions d'{\'e}co-conception. D'autres outils encore existent en mati{\`e}re de sensibilisation, de communication et de choix de strat{\'e}gies. Chacun d'eux devra {\^e}tre employ{\'e} par un utilisateur appropri{\'e}, disposant des connaissances requises, des moyens d'exploiter les r{\'e}sultats obtenus, et ce, durant certaines phases pertinentes du processus de conception. Une {\'e}tude de terrain chez Philips a permis de constater que la mise {\`a} l'{\'e}preuve d'un outil d'{\'e}valuation environnementale est compromise si les enjeux demeurent incompris et les r{\'e}sultats inexploitables par l'{\'e}quipe projet. A partir d'un engagement fort de la direction, les {\'e}quipes ont besoin d'apprendre progressivement pour s'approprier une nouvelle d{\'e}marche ; au cours de celle-ci, elles pourront utiliser des outils simples, pragmatiques, qu'elles sauront exploiter pour progresser et s'am{\'e}liorer.},
  language = {fr},
  school = {Arts et M{\'e}tiers ParisTech},
  author = {Janin, Marc},
  month = apr,
  year = {2000},
  file = {C:\\Users\\jb2971\\Documents\\L_Travail\\Biblio\\Zotero\\storage\\J3K7D96X\\Janin - 2000 - Démarche d'éco-conception en entreprise. Un enjeu .pdf;C:\\Users\\jb2971\\Documents\\L_Travail\\Biblio\\Zotero\\storage\\II6HFFYR\\tel-00005632.html}
}

@inproceedings{federico2001mips,
  title = {{{MIPS}} of the {{Italian}} Mobile Telephone Network},
  volume = {6},
  booktitle = {Pr{\'e}sent{\'e} {\`a}: {{Open Meeting}} of the {{Global Environmental Change Research Community}}},
  author = {Federico, Antonio and Musmeci, Fabio and Proietti Mancini, D},
  year = {2001}
}

@article{cooperFutureDistributionProduction2011,
  title = {The Future Distribution and Production of Global Phosphate Rock Reserves},
  volume = {57},
  issn = {0921-3449},
  doi = {10.1016/j.resconrec.2011.09.009},
  abstract = {Phosphorus (P) is essential for crop growth and food production, and most of the phosphorus applied to agricultural land comes from phosphate rock (PR), a non-renewable resource. The distribution of PR reserves and the share of current production are both concentrated in a handful of countries, notably Morocco and China. Individual countries operate their phosphate mining industries at different reserve-to-production (R/P) ratios, which determines the lifetime of PR reserves in that country and, in turn, the global distribution of both reserves and production in the future. This research uses U.S. Geological Survey data (released in January 2011) to derive R/P ratios for individual countries and combines this with a scenario for increasing global demand to investigate how the global distribution of PR reserves and production will change between now and the year 2100. The results show that 70\% of global production is currently produced from reserves which will be depleted within 100 years and combining this with increasing demand will result in a significant global production deficit, which by 2070 will be larger than current production. Morocco, with nearly 77\% of global reserves, will need to increase production by around 700\% by 2075 in order to meet most of this deficit. If this is possible, Morocco will obtain a much greater share of worldwide production, from around 15\% in 2010 to around 80\% by 2100, which implies more control over market prices. Also, since Morocco operates the highest R/P ratio throughout the analysis period, its share of the global reserves continues to increase, from 77\% in 2011 to 89\% by 2100. Overall, the research concludes that, unless additional sources of phosphorus can be accessed or society can significantly increase phosphorus recycling, future global phosphorus security will be increasingly reliant on a single country.},
  journal = {Resources, Conservation and Recycling},
  author = {Cooper, James and Lombardi, Rachel and Boardman, David and {Carliell-Marquet}, Cynthia},
  month = dec,
  year = {2011},
  keywords = {Geopolitics,Morocco,Phosphate rock,Phosphorus,Production,Reserves},
  pages = {78-86},
  file = {C:\\Users\\jb2971\\Documents\\L_Travail\\Biblio\\Zotero\\storage\\4J9AK2S2\\Cooper et al. - 2011 - The future distribution and production of global p.pdf;C:\\Users\\jb2971\\Documents\\L_Travail\\Biblio\\Zotero\\storage\\J5KXJYHY\\S0921344911001807.html}
}


